@INPROCEEDINGS{5359578, 
author={Kernbach, S. and Levi, P. and Meister, E. and Schlachter, F. and Kernbach, O.}, 
booktitle={Future Computing, Service Computation, Cognitive, Adaptive, Content, Patterns, 2009. COMPUTATIONWORLD '09. Computation World:}, 
title={Towards Self-Adaptation of Robot Organisms with a High Developmental Plasticity}, 
year={2009}, 
pages={180-187}, 
keywords={plasticity;robots;self-adjusting systems;adaptation fitness force;design goals force;developmental plasticity;robot organisms;robot self-adaptation;Adaptive control;Cognitive robotics;Concurrent computing;Control systems;Distributed computing;Organisms;Programmable control;Prototypes;Robots;Uncertainty;collective robotics;long-term artificial evolution;self-adaptation;self-development;symbiotic robot organisms}, 
doi={10.1109/ComputationWorld.2009.11},}

@inproceedings{ZagalL09,
  added-at = {2009-07-27T00:00:00.000+0200},
  author = {Zagal, Juan Crist√≥bal and Lipson, Hod},
  biburl = {http://www.bibsonomy.org/bibtex/23cc0474e1876422624efd6663977b06a/dblp},
  booktitle = {GECCO (Companion)},
  crossref = {conf/gecco/2009c},
  date = {2009-07-27},
  description = {dblp},
  editor = {Rothlauf, Franz},
  ee = {http://doi.acm.org/10.1145/1570256.1570297},
  interhash = {d3d53033a242ff87c32f3e33a33e3e07},
  intrahash = {3cc0474e1876422624efd6663977b06a},
  isbn = {978-1-60558-505-5},
  keywords = {dblp},
  pages = {2179-2188},
  publisher = {ACM},
  timestamp = {2009-07-27T00:00:00.000+0200},
  title = {Self-reflection in evolutionary robotics: resilient adaptation with a minimum of physical exploration.},
  url = {http://dblp.uni-trier.de/db/conf/gecco/gecco2009c.html#ZagalL09},
  year = 2009
}
